@misc{img_world_epicenters,
	title = {Digital World Tectonic Activity Map (DTAM)},
	shorttitle = {},
	url = {http://denali.gsfc.nasa.gov/dtam/seismic/},
	urldate = {2014-05-07},
	year = {1998},
	author = {Lowman Jr., Paul and Montgomery, Brian},
	school = {NASA},
	file = {Digital World Tectonic Activity Map (DTAM):/Users/pirchiner/Library/Application Support/Zotero/Profiles/3ysk42on.default/zotero/storage/EBXA58BI/seismic.html:text/html;global_pde_mag_all.png:/Users/pirchiner/dev/latex_fgv_2013_master/images/global_pde_mag_all.png:image/png}
}


@misc{img_plates_overview,
	title = {Lithospheric Plates Cartography Illustration},
	shorttitle = {Lithospheric plates overview},
	url = {http://pt.wikipedia.org/wiki/Ficheiro:Placas_tect2_pt_BR.svg},
	urldate = {2014-05-07},
	author = {{USGS}},
	year = {1996},
	file = {Ficheiro:Placas tect2 pt BR.svg – Wikipédia, a enciclopédia livre:/Users/pirchiner/Library/Application Support/Zotero/Profiles/3ysk42on.default/zotero/storage/KNS4WIQB/FicheiroPlacas_tect2_pt_BR.html:text/html;litho_plates_overview.png:/Users/pirchiner/dev/latex_fgv_2013_master/images/litho_plates_overview.png:image/png}
}

@misc{img_plate_boundaries,
	title = {A cross section illustrating the main types of plate boundaries.},
	url = {http://pubs.usgs.gov/gip/earthq1/fig13.gif},
	urldate = {2014-05-08},
	author = {Vigil, Jose},
	year = {1997},
	note = {Wall map produced jointly by {USGS}, the Smithsonian Institution, and the {U.S.} Naval Research Laboratory},
	file = {fig13.gif (GIF Image, 775 × 429 pixels) - Scaled (0%):/Users/pirchiner/Library/Application Support/Zotero/Profiles/3ysk42on.default/zotero/storage/9H2E9HAM/fig13.gif:image/gif}
}

@misc{img_opensha_rupture,
	title = {Área de ruptura em um falhamento geológico.},
	url = {http://www.opensha.org/sites/opensha.org/files/rupture_surface_lg.png},
	urldate = {2014-05-10},
	journal = {{OpenSHA.} Glossary: surface rupture.},
	author = {{OpenSHA} team},
	year = {2010},
	file = {rupture_surface_lg.png (PNG Image, 659 × 571 pixels) - Scaled (74%):/Users/pirchiner/Library/Application Support/Zotero/Profiles/3ysk42on.default/zotero/storage/3QQNHWKI/rupture_surface_lg.png:image/png}
}

@book{gr_1954,
  address = {Princeton, New Jersey},
  author = {Gutenberg, Beno and Richter, Charles F.},
  edition = {2nd},
  keywords = {book geophysics seismology},
  publisher = {Princeton University Press},
  title = {Seismicity of the Earth and associated phenomena},
  year = 1954
}

@article {kagan_2002,
author = {Kagan, Yan Y.},
title = {Seismic moment distribution revisited: I. Statistical results},
journal = {Geophysical Journal International},
volume = {148},
number = {3},
publisher = {Blackwell Science, Ltd},
issn = {1365-246X},
url = {http://dx.doi.org/10.1046/j.1365-246x.2002.01594.x},
doi = {10.1046/j.1365-246x.2002.01594.x},
pages = {520--541},
keywords = {β-value, maximum (corner) seismic moment, seismic moment–frequency relation and its universality, tapered Gutenberg–Richter law},
year = {2002},
}



@article{woessner_catalog_2010,
	title = {What is an instrumental seismicity catalog},
	url = {http://www.corssa.ethz.ch/articles/themeiv/woessner_et_al/woessner_et_al.pdf},
	doi = {10.5078/corssa-38784307},
	urldate = {2014-05-10},
	author = {Woessner, J. and Hardebeck, J. and Hauksson, E.},
	file = {woessner_et_al_draft.pdf:/Users/pirchiner/Library/Application Support/Zotero/Profiles/3ysk42on.default/zotero/storage/BMBCMK82/woessner_et_al_draft.pdf:application/pdf},
	year = {2010},

}

@book{richter_1958,
  title={Elementary Seismology},
  author={Richter, C.},
  lccn={58005970},
  series={A Series of books in geology},
  url={http://books.google.com.br/books?id=rtYSAQAAIAAJ},
  year={1958},
  publisher={W. H. Freeman}
}


@article{richter_1935,
	title = {An instrumental earthquake magnitude scale},
	volume = {25},
	url = {http://www.bssaonline.org/content/25/1/1.short},
	number = {1},
	journal = {Bulletin of the Seismological Society of America},
	author = {Richter, Charles F.},
	month = jan,
	year = {1935},
	pages = {1--32}
}

@article{hanks_1979,
	title = {A moment magnitude scale},
	volume = {84},
	issn = {0148-0227},
	url = {http://doi.wiley.com/10.1029/JB084iB05p02348},
	doi = {10.1029/JB084iB05p02348},
	language = {en},
	number = {B5},
	urldate = {2014-05-09},
	journal = {Journal of Geophysical Research},
	author = {Hanks, Thomas C. and Kanamori, Hiroo},
	year = {1979},
	pages = {2348}
}

@article{bakun_1999,
	title = {Estimating earthquake location and magnitude from seismic intensty data},
	volume = {89},
	url = {http://www.bssaonline.org/content/89/2/557.short},
	number = {2},
	journal = {Bulletin of the Seismological Society of America},
	author = {Bakun, W. H. and Wentworth, C. M.},
	month = apr,
	year = {1999},
	pages = {557--557}
}

@article{woo_1996,
	title = {Kernel estimation methods for seismic hazard area source modeling},
	volume = {86},
	url = {http://www.bssaonline.org/content/86/2/353.short},
	number = {2},
	urldate = {2014-03-20},
	journal = {Bulletin of the Seismological Society of America},
	author = {Woo, Gordon},
	year = {1996},
	pages = {353–362},
	file = {Woo-1996-BSSA-kernel-PSHA.pdf:/Users/pirchiner/Library/Application Support/Zotero/Profiles/3ysk42on.default/zotero/storage/E2GJX5DR/Woo-1996-BSSA-kernel-PSHA.pdf:application/pdf}
}

@article{helmstetter_2012,
	title = {Adaptive Spatiotemporal Smoothing of Seismicity for Long-Term Earthquake Forecasts in California},
	volume = {102},
	url = {http://www.bssaonline.org/content/102/6/2518.short},
	number = {6},
	urldate = {2014-04-15},
	journal = {Bulletin of the Seismological Society of America},
	author = {Helmstetter, Agnès and Werner, Maximilian J.},
	year = {2012},
	pages = {2518–2529},
	file = {2012_helmstetter_werner_akde_LT_california.pdf:/Users/pirchiner/Library/Application Support/Zotero/Profiles/3ysk42on.default/zotero/storage/KWQ6JVXD/2012_helmstetter_werner_akde_LT_california.pdf:application/pdf}
}

@article{stock_smith_2002,
	title = {Comparison of seismicity models generated by different kernel estimations},
	volume = {92},
	url = {http://www.bssaonline.org/content/92/3/913.short},
	number = {3},
	urldate = {2014-04-15},
	journal = {Bulletin of the Seismological Society of America},
	author = {Stock, Christian and Smith, Euan {GC}},
	year = {2002},
	pages = {913–922},
	file = {2002b_stock_smith.pdf:/Users/pirchiner/Library/Application Support/Zotero/Profiles/3ysk42on.default/zotero/storage/362UKG82/2002b_stock_smith.pdf:application/pdf}
}

@article{ragunathan_seismic_2012,
	title = {Seismic Hazard Analysis for Chennai using Cluster-Based Kernel Density Estimation},
	url = {http://www.kluniversity.in/ace-klu/img/inv03.pdf},
	urldate = {2014-04-15},
	author = {Ragunathan, P. and Ramanna, C. K. and Dodagoudar, G. R.},
	file = {2011_akde.pdf:/Users/pirchiner/Library/Application Support/Zotero/Profiles/3ysk42on.default/zotero/storage/9NZDHKSH/2011_akde.pdf:application/pdf}
}

@phdthesis{beauval_analyse_2003,
	title = {Analyse des incertitudes dans une estimation probabiliste de l'aléa sismique, exemple de la France},
	url = {http://hal.ird.fr/tel-00673231/},
	urldate = {2014-04-15},
	school = {Université Joseph-Fourier-Grenoble I},
	author = {Beauval, Céline},
	year = {2003},
	file = {Beauval-2004-these.pdf:/Users/pirchiner/Library/Application Support/Zotero/Profiles/3ysk42on.default/zotero/storage/5R8D2NR7/Beauval-2004-these.pdf:application/pdf}
}

@article{hutton_earthquake_2010,
	title = {Earthquake monitoring in southern California for seventy-seven years (1932–2008)},
	volume = {100},
	url = {http://www.bssaonline.org/content/100/2/423.short},
	number = {2},
	urldate = {2014-04-15},
	journal = {Bulletin of the Seismological Society of America},
	author = {Hutton, Kate and Woessner, Jochen and Hauksson, Egill},
	year = {2010},
	pages = {423–446},
	file = {Hutton2010.pdf:/Users/pirchiner/Library/Application Support/Zotero/Profiles/3ysk42on.default/zotero/storage/FS3PZ8AK/Hutton2010.pdf:application/pdf}
}

@article{werner_2011,
	title = {High-Resolution Long-Term and Short-Term Earthquake Forecasts for California},
	volume = {101},
	issn = {0037-1106},
	url = {http://www.bssaonline.org/cgi/doi/10.1785/0120090340},
	doi = {10.1785/0120090340},
	language = {en},
	number = {4},
	urldate = {2014-04-15},
	journal = {Bulletin of the Seismological Society of America},
	author = {Werner, M. J. and Helmstetter, A. and Jackson, D. D. and Kagan, Y. Y.},
	month = aug,
	year = {2011},
	pages = {1630--1648},
	file = {WernerHelmstetterJacksonKagan-CaliforniaForecasts-BSSA-2011.pdf:/Users/pirchiner/Library/Application Support/Zotero/Profiles/3ysk42on.default/zotero/storage/TRMFTPIE/WernerHelmstetterJacksonKagan-CaliforniaForecasts-BSSA-2011.pdf:application/pdf}
}

@article{wiemer_2000,
	title = {Earthquake Statistics and Earthquake Prediction Research},
	url = {http://www.zlg.ethz.ch/downloads/publ/publ_Bl15/StefanWiemer.pdf},
	urldate = {2014-04-15},
	journal = {Institute of Geophysics; Zürich, Switzerland},
	author = {Wiemer, Stefan},
	year = {2000},
	file = {Wiemer_EarthquakeStatisticsAndEarthquakePredictionResearch.pdf:/Users/pirchiner/Library/Application Support/Zotero/Profiles/3ysk42on.default/zotero/storage/S8IJ2DPW/Wiemer_EarthquakeStatisticsAndEarthquakePredictionResearch.pdf:application/pdf}
}






@article{woo_kernel_1996,
	title = {Kernel estimation methods for seismic hazard area source modeling},
	volume = {86},
	url = {http://www.bssaonline.org/content/86/2/353.short},
	number = {2},
	urldate = {2014-03-20},
	journal = {Bulletin of the Seismological Society of America},
	author = {Woo, Gordon},
	year = {1996},
	pages = {353–362},
	file = {Woo-1996-BSSA-kernel-PSHA.pdf:/Users/pirchiner/Library/Application Support/Zotero/Profiles/3ysk42on.default/zotero/storage/E2GJX5DR/Woo-1996-BSSA-kernel-PSHA.pdf:application/pdf}
}

@article{helmstetter_adaptive_2012,
	title = {Adaptive Spatiotemporal Smoothing of Seismicity for Long-Term Earthquake Forecasts in California},
	volume = {102},
	url = {http://www.bssaonline.org/content/102/6/2518.short},
	number = {6},
	urldate = {2014-04-15},
	journal = {Bulletin of the Seismological Society of America},
	author = {Helmstetter, Agnès and Werner, Maximilian J.},
	year = {2012},
	pages = {2518–2529},
	file = {2012_helmstetter_werner_akde_LT_california.pdf:/Users/pirchiner/Library/Application Support/Zotero/Profiles/3ysk42on.default/zotero/storage/KWQ6JVXD/2012_helmstetter_werner_akde_LT_california.pdf:application/pdf}
}

@article{stock_comparison_2002,
	title = {Comparison of seismicity models generated by different kernel estimations},
	volume = {92},
	url = {http://www.bssaonline.org/content/92/3/913.short},
	number = {3},
	urldate = {2014-04-15},
	journal = {Bulletin of the Seismological Society of America},
	author = {Stock, Christian and Smith, Euan {GC}},
	year = {2002},
	pages = {913–922},
	file = {2002b_stock_smith.pdf:/Users/pirchiner/Library/Application Support/Zotero/Profiles/3ysk42on.default/zotero/storage/362UKG82/2002b_stock_smith.pdf:application/pdf}
}

@article{ragunathan_seismic_????,
	title = {Seismic Hazard Analysis for Chennai using Cluster-Based Kernel Density Estimation},
	url = {http://www.kluniversity.in/ace-klu/img/inv03.pdf},
	urldate = {2014-04-15},
	author = {Ragunathan, P. and Ramanna, C. K. and Dodagoudar, G. R.},
	file = {2011_akde.pdf:/Users/pirchiner/Library/Application Support/Zotero/Profiles/3ysk42on.default/zotero/storage/9NZDHKSH/2011_akde.pdf:application/pdf}
}

@phdthesis{beauval_analyse_2003,
	title = {Analyse des incertitudes dans une estimation probabiliste de l'aléa sismique, exemple de la France},
	url = {http://hal.ird.fr/tel-00673231/},
	urldate = {2014-04-15},
	school = {Université Joseph-Fourier-Grenoble I},
	author = {Beauval, Céline},
	year = {2003},
	file = {Beauval-2004-these.pdf:/Users/pirchiner/Library/Application Support/Zotero/Profiles/3ysk42on.default/zotero/storage/5R8D2NR7/Beauval-2004-these.pdf:application/pdf}
}

@article{hutton_earthquake_2010,
	title = {Earthquake monitoring in southern California for seventy-seven years (1932–2008)},
	volume = {100},
	url = {http://www.bssaonline.org/content/100/2/423.short},
	number = {2},
	urldate = {2014-04-15},
	journal = {Bulletin of the Seismological Society of America},
	author = {Hutton, Kate and Woessner, Jochen and Hauksson, Egill},
	year = {2010},
	pages = {423–446},
	file = {Hutton2010.pdf:/Users/pirchiner/Library/Application Support/Zotero/Profiles/3ysk42on.default/zotero/storage/FS3PZ8AK/Hutton2010.pdf:application/pdf}
}

@article{werner_high-resolution_2011,
	title = {High-Resolution Long-Term and Short-Term Earthquake Forecasts for California},
	volume = {101},
	issn = {0037-1106},
	url = {http://www.bssaonline.org/cgi/doi/10.1785/0120090340},
	doi = {10.1785/0120090340},
	language = {en},
	number = {4},
	urldate = {2014-04-15},
	journal = {Bulletin of the Seismological Society of America},
	author = {Werner, M. J. and Helmstetter, A. and Jackson, D. D. and Kagan, Y. Y.},
	month = aug,
	year = {2011},
	pages = {1630--1648},
	file = {WernerHelmstetterJacksonKagan-CaliforniaForecasts-BSSA-2011.pdf:/Users/pirchiner/Library/Application Support/Zotero/Profiles/3ysk42on.default/zotero/storage/TRMFTPIE/WernerHelmstetterJacksonKagan-CaliforniaForecasts-BSSA-2011.pdf:application/pdf}
}

@article{wiemer_earthquake_2000,
	title = {Earthquake Statistics and Earthquake Prediction Research},
	url = {http://www.zlg.ethz.ch/downloads/publ/publ_Bl15/StefanWiemer.pdf},
	urldate = {2014-04-15},
	journal = {Institute of Geophysics; Zürich, Switzerland},
	author = {Wiemer, Stefan},
	year = {2000},
	file = {Wiemer_EarthquakeStatisticsAndEarthquakePredictionResearch.pdf:/Users/pirchiner/Library/Application Support/Zotero/Profiles/3ysk42on.default/zotero/storage/S8IJ2DPW/Wiemer_EarthquakeStatisticsAndEarthquakePredictionResearch.pdf:application/pdf}
}

@article{woo_kernel_1996-1,
	title = {Kernel estimation methods for seismic hazard area source modeling},
	volume = {86},
	url = {http://www.bssaonline.org/content/86/2/353.short},
	number = {2},
	urldate = {2014-04-15},
	journal = {Bulletin of the Seismological Society of America},
	author = {Woo, Gordon},
	year = {1996},
	pages = {353–362},
	file = {Woo-1996-BSSA-kernel-PSHA.pdf:/Users/pirchiner/Library/Application Support/Zotero/Profiles/3ysk42on.default/zotero/storage/BIAZQQ89/Woo-1996-BSSA-kernel-PSHA.pdf:application/pdf}
}

@article{zechar_likelihood-based_2010,
	title = {Likelihood-Based Tests for Evaluating Space-Rate-Magnitude Earthquake Forecasts},
	volume = {100},
	issn = {0037-1106},
	url = {http://www.bssaonline.org/cgi/doi/10.1785/0120090192},
	doi = {10.1785/0120090192},
	language = {en},
	number = {3},
	urldate = {2014-04-15},
	journal = {Bulletin of the Seismological Society of America},
	author = {Zechar, J. D. and Gerstenberger, M. C. and Rhoades, D. A.},
	month = jun,
	year = {2010},
	pages = {1184--1195},
	file = {1184.full.pdf:/Users/pirchiner/Library/Application Support/Zotero/Profiles/3ysk42on.default/zotero/storage/NPBFNVBJ/1184.full.pdf:application/pdf}
}

@article{werner_high-resolution_2011-1,
	title = {High-Resolution Long-Term and Short-Term Earthquake Forecasts for California},
	volume = {101},
	issn = {0037-1106},
	url = {http://www.bssaonline.org/cgi/doi/10.1785/0120090340},
	doi = {10.1785/0120090340},
	language = {en},
	number = {4},
	urldate = {2014-04-15},
	journal = {Bulletin of the Seismological Society of America},
	author = {Werner, M. J. and Helmstetter, A. and Jackson, D. D. and Kagan, Y. Y.},
	month = aug,
	year = {2011},
	pages = {1630--1648},
	file = {1630.full (1).pdf:/Users/pirchiner/Library/Application Support/Zotero/Profiles/3ysk42on.default/zotero/storage/V3BPX76K/1630.full (1).pdf:application/pdf}
}

@article{werner_high-resolution_2011-2,
	title = {High-Resolution Long-Term and Short-Term Earthquake Forecasts for California},
	volume = {101},
	issn = {0037-1106},
	url = {http://www.bssaonline.org/cgi/doi/10.1785/0120090340},
	doi = {10.1785/0120090340},
	language = {en},
	number = {4},
	urldate = {2014-04-15},
	journal = {Bulletin of the Seismological Society of America},
	author = {Werner, M. J. and Helmstetter, A. and Jackson, D. D. and Kagan, Y. Y.},
	month = aug,
	year = {2011},
	pages = {1630--1648},
	file = {1630.full.pdf:/Users/pirchiner/Library/Application Support/Zotero/Profiles/3ysk42on.default/zotero/storage/XKEQQ6XI/1630.full.pdf:application/pdf}
}

@article{ogata_comprehensive_2013,
	title = {Comprehensive and Topical Evaluations of Earthquake Forecasts in Terms of Number, Time, Space, and Magnitude},
	volume = {103},
	issn = {0037-1106},
	url = {http://www.bssaonline.org/cgi/doi/10.1785/0120120063},
	doi = {10.1785/0120120063},
	language = {en},
	number = {3},
	urldate = {2014-04-15},
	journal = {Bulletin of the Seismological Society of America},
	author = {Ogata, Y. and Katsura, K. and Falcone, G. and Nanjo, K. and Zhuang, J.},
	month = jun,
	year = {2013},
	pages = {1692--1708},
	file = {1692.full.pdf:/Users/pirchiner/Library/Application Support/Zotero/Profiles/3ysk42on.default/zotero/storage/UI3XPINU/1692.full.pdf:application/pdf}
}

@article{mulargia_seismic_1985,
	title = {Seismic sample areas defined from incomplete catalogues: an application to the Italian territory},
	volume = {40},
	shorttitle = {Seismic sample areas defined from incomplete catalogues},
	url = {http://www.sciencedirect.com/science/article/pii/003192018590038X},
	number = {4},
	urldate = {2014-04-15},
	journal = {Physics of the earth and planetary interiors},
	author = {Mulargia, F. and Tinti, S.},
	year = {1985},
	pages = {273–300},
	file = {1985_mulargia_incomplete_catalogs.pdf:/Users/pirchiner/Library/Application Support/Zotero/Profiles/3ysk42on.default/zotero/storage/Z2PBH8GA/1985_mulargia_incomplete_catalogs.pdf:application/pdf}
}

@article{kijko_estimation_1989,
	title = {Estimation of earthquake hazard parameters from incomplete data files. Part I. Utilization of extreme and complete catalogs with different threshold magnitudes},
	volume = {79},
	url = {http://www.bssaonline.org/content/79/3/645.short},
	number = {3},
	urldate = {2014-04-15},
	journal = {Bulletin of the Seismological Society of America},
	author = {Kijko, A. and Sellevoll, M. A.},
	year = {1989},
	pages = {645–654},
	file = {1992_kijko_incomplete_1.pdf:/Users/pirchiner/Library/Application Support/Zotero/Profiles/3ysk42on.default/zotero/storage/NNBJMZ4S/1992_kijko_incomplete_1.pdf:application/pdf}
}

@article{kijko_estimation_1992,
	title = {Estimation of earthquake hazard parameters from incomplete data files. Part {II.} Incorporation of magnitude heterogeneity},
	volume = {82},
	url = {http://www.bssaonline.org/content/82/1/120.short},
	number = {1},
	urldate = {2014-04-15},
	journal = {Bulletin of the Seismological Society of America},
	author = {Kijko, Andrzej and Sellevoll, Markvard A.},
	year = {1992},
	pages = {120–134},
	file = {1992_kijko_incomplete_2.pdf:/Users/pirchiner/Library/Application Support/Zotero/Profiles/3ysk42on.default/zotero/storage/V6CUMWJ6/1992_kijko_incomplete_2.pdf:application/pdf}
}

@article{frankel_mapping_1995,
	title = {Mapping seismic hazard in the central and eastern United States},
	volume = {66},
	url = {http://srl.geoscienceworld.org/content/66/4/8.short},
	number = {4},
	urldate = {2014-04-15},
	journal = {Seismological Research Letters},
	author = {Frankel, Arthur},
	year = {1995},
	pages = {8–21},
	file = {1995_frankel.pdf:/Users/pirchiner/Library/Application Support/Zotero/Profiles/3ysk42on.default/zotero/storage/XG3EV772/1995_frankel.pdf:application/pdf}
}

@article{choi_nonparametric_1999,
	title = {Nonparametric Approach to Analysis of Space-Time Data on Earthquake Occurrences},
	volume = {8},
	issn = {1061-8600, 1537-2715},
	url = {http://www.tandfonline.com/doi/abs/10.1080/10618600.1999.10474846},
	doi = {10.1080/10618600.1999.10474846},
	language = {en},
	number = {4},
	urldate = {2014-04-15},
	journal = {Journal of Computational and Graphical Statistics},
	author = {Choi, Edwin and Hall, Peter},
	month = dec,
	year = {1999},
	pages = {733--748},
	file = {1999_choi_hall_nonparametric_spacetime.pdf:/Users/pirchiner/Library/Application Support/Zotero/Profiles/3ysk42on.default/zotero/storage/WRI3S98V/1999_choi_hall_nonparametric_spacetime.pdf:application/pdf}
}

@article{jackson_testable_1999,
	title = {Testable earthquake forecasts for 1999},
	volume = {70},
	url = {http://srl.geoscienceworld.org/content/70/4/393.short},
	number = {4},
	urldate = {2014-04-15},
	journal = {Seismological Research Letters},
	author = {Jackson, David D. and Kagan, Yan Y.},
	year = {1999},
	pages = {393–403},
	file = {1999_jackson_kagan.pdf:/Users/pirchiner/Library/Application Support/Zotero/Profiles/3ysk42on.default/zotero/storage/K8GH6RN4/1999_jackson_kagan.pdf:application/pdf}
}

@article{kagan_probabilistic_2000,
	title = {Probabilistic forecasting of earthquakes},
	volume = {143},
	url = {http://gji.oxfordjournals.org/content/143/2/438.short},
	number = {2},
	urldate = {2014-04-15},
	journal = {Geophysical Journal International},
	author = {Kagan, Yan Y. and Jackson, David D.},
	year = {2000},
	pages = {438–453},
	file = {2000_kagan_jackson_prob_forecast.pdf:/Users/pirchiner/Library/Application Support/Zotero/Profiles/3ysk42on.default/zotero/storage/HN9MXMIR/2000_kagan_jackson_prob_forecast.pdf:application/pdf}
}

@article{stock_adaptive_2002,
	title = {Adaptive kernel estimation and continuous probability representation of historical earthquake catalogs},
	volume = {92},
	url = {http://www.bssaonline.org/content/92/3/904.short},
	number = {3},
	urldate = {2014-04-15},
	journal = {Bulletin of the Seismological Society of America},
	author = {Stock, Christian and Smith, Euan {GC}},
	year = {2002},
	pages = {904–912},
	file = {2002_stock_smith_akde.pdf:/Users/pirchiner/Library/Application Support/Zotero/Profiles/3ysk42on.default/zotero/storage/67ZVI2GG/2002_stock_smith_akde.pdf:application/pdf}
}

@article{felzer_calculating_2006,
	title = {Calculating California Seismicity Rates from the Earthquake Catalog for Time-Independent Hazard Analysis},
	url = {http://opensha.usc.edu:8080/WGCEP/activities/meetings/0809_1006/AppendixG_seisRates.pdf},
	urldate = {2014-04-15},
	author = {Felzer, Karen},
	year = {2006},
	file = {2006_seismicity_rates.pdf:/Users/pirchiner/Library/Application Support/Zotero/Profiles/3ysk42on.default/zotero/storage/P9XSB7D9/2006_seismicity_rates.pdf:application/pdf}
}

@article{beauval_role_2006,
	title = {The role of seismicity models in probabilistic seismic hazard estimation: comparison of a zoning and a smoothing approach},
	volume = {165},
	issn = {{0956540X}, {1365246X}},
	shorttitle = {The role of seismicity models in probabilistic seismic hazard estimation},
	url = {http://gji.oxfordjournals.org/cgi/doi/10.1111/j.1365-246X.2006.02945.x},
	doi = {10.1111/j.1365-246X.2006.02945.x},
	language = {en},
	number = {2},
	urldate = {2014-04-15},
	journal = {Geophysical Journal International},
	author = {Beauval, Céline and Scotti, Oona and Bonilla, Fabian},
	month = may,
	year = {2006},
	pages = {584--595},
	file = {2006_smoothing_whoo.pdf:/Users/pirchiner/Library/Application Support/Zotero/Profiles/3ysk42on.default/zotero/storage/W6X67XKX/2006_smoothing_whoo.pdf:application/pdf}
}

@article{helmstetter_high-resolution_2007,
	title = {High-resolution time-independent grid-based forecast for M≥ 5 earthquakes in California},
	volume = {78},
	url = {http://171.66.125.217/content/78/1/78.short},
	number = {1},
	urldate = {2014-04-15},
	journal = {Seismological Research Letters},
	author = {Helmstetter, Agnes and Kagan, Yan Y. and Jackson, David D.},
	year = {2007},
	pages = {78–86},
	file = {2007_helmstetter.pdf:/Users/pirchiner/Library/Application Support/Zotero/Profiles/3ysk42on.default/zotero/storage/6QACZ5PN/2007_helmstetter.pdf:application/pdf}
}

@article{yuan_adaptive_2009,
	title = {Adaptive spherical Gaussian kernel in sparse Bayesian learning framework for nonlinear regression},
	volume = {36},
	issn = {09574174},
	url = {http://linkinghub.elsevier.com/retrieve/pii/S0957417408001620},
	doi = {10.1016/j.eswa.2008.02.055},
	language = {en},
	number = {2},
	urldate = {2014-04-15},
	journal = {Expert Systems with Applications},
	author = {Yuan, Jin and Bo, Liefeng and Wang, Kesheng and Yu, Tao},
	month = mar,
	year = {2009},
	pages = {3982--3989},
	file = {2009_akde_bayes_machine_learning.pdf:/Users/pirchiner/Library/Application Support/Zotero/Profiles/3ysk42on.default/zotero/storage/F565NBA7/2009_akde_bayes_machine_learning.pdf:application/pdf}
}

@article{yadav_homogeneous_2009,
	title = {A Homogeneous and Complete Earthquake Catalog for Northeast India and the Adjoining Region},
	volume = {80},
	issn = {0895-0695},
	url = {http://srl.geoscienceworld.org/cgi/doi/10.1785/gssrl.80.4.609},
	doi = {10.1785/gssrl.80.4.609},
	language = {en},
	number = {4},
	urldate = {2014-04-15},
	journal = {Seismological Research Letters},
	author = {Yadav, R. B. S. and Bormann, P. and Rastogi, B. K. and Das, M. C. and Chopra, S.},
	month = jul,
	year = {2009},
	pages = {609--627},
	file = {2009_yadav_bormann.pdf:/Users/pirchiner/Library/Application Support/Zotero/Profiles/3ysk42on.default/zotero/storage/KBXVA48H/2009_yadav_bormann.pdf:application/pdf}
}

@article{zechar_simple_2010,
	title = {Simple smoothed seismicity earthquake forecasts for Italy},
	volume = {53},
	url = {http://www.annalsofgeophysics.eu/index.php/annals/article/viewArticle/4845},
	number = {3},
	urldate = {2014-04-15},
	journal = {Annals of Geophysics},
	author = {Zechar, J. Douglas and Jordan, Thomas H.},
	year = {2010},
	pages = {99–105},
	file = {2010_zechar_simple_smoothing.pdf:/Users/pirchiner/Library/Application Support/Zotero/Profiles/3ysk42on.default/zotero/storage/R2K7WGR4/2010_zechar_simple_smoothing.pdf:application/pdf}
}

@article{zechar_likelihood-based_2010-1,
	title = {Likelihood-Based Tests for Evaluating Space-Rate-Magnitude Earthquake Forecasts},
	volume = {100},
	issn = {0037-1106},
	url = {http://www.bssaonline.org/cgi/doi/10.1785/0120090192},
	doi = {10.1785/0120090192},
	language = {en},
	number = {3},
	urldate = {2014-04-15},
	journal = {Bulletin of the Seismological Society of America},
	author = {Zechar, J. D. and Gerstenberger, M. C. and Rhoades, D. A.},
	month = jun,
	year = {2010},
	pages = {1184--1195},
	file = {2010_zechar_tests.pdf:/Users/pirchiner/Library/Application Support/Zotero/Profiles/3ysk42on.default/zotero/storage/BNTQ5F9D/2010_zechar_tests.pdf:application/pdf}
}

@article{marzocchi_earthquake_2011,
	title = {Earthquake forecasting and earthquake prediction: different approaches for obtaining the best model},
	volume = {82},
	shorttitle = {Earthquake forecasting and earthquake prediction},
	url = {http://171.66.125.217/content/82/3/442.short},
	number = {3},
	urldate = {2014-04-15},
	journal = {Seismological Research Letters},
	author = {Marzocchi, Warner and Zechar, J. Douglas},
	year = {2011},
	pages = {442–448},
	file = {2011_marzocchi_forecast_x_prediction.pdf:/Users/pirchiner/Library/Application Support/Zotero/Profiles/3ysk42on.default/zotero/storage/T4BGJ456/2011_marzocchi_forecast_x_prediction.pdf:application/pdf}
}

@article{wang_california_2011,
	title = {California Earthquake Forecasts Based on Smoothed Seismicity: Model Choices},
	volume = {101},
	issn = {0037-1106},
	shorttitle = {California Earthquake Forecasts Based on Smoothed Seismicity},
	url = {http://www.bssaonline.org/cgi/doi/10.1785/0120100125},
	doi = {10.1785/0120100125},
	language = {en},
	number = {3},
	urldate = {2014-04-15},
	journal = {Bulletin of the Seismological Society of America},
	author = {Wang, Q. and Jackson, D. D. and Kagan, Y. Y.},
	month = jun,
	year = {2011},
	pages = {1422--1430},
	file = {2011_wang_modelChoices.pdf:/Users/pirchiner/Library/Application Support/Zotero/Profiles/3ysk42on.default/zotero/storage/ASVJSEWK/2011_wang_modelChoices.pdf:application/pdf}
}

@article{werner_high-resolution_2011-3,
	title = {High-Resolution Long-Term and Short-Term Earthquake Forecasts for California},
	volume = {101},
	issn = {0037-1106},
	url = {http://www.bssaonline.org/cgi/doi/10.1785/0120090340},
	doi = {10.1785/0120090340},
	language = {en},
	number = {4},
	urldate = {2014-04-15},
	journal = {Bulletin of the Seismological Society of America},
	author = {Werner, M. J. and Helmstetter, A. and Jackson, D. D. and Kagan, Y. Y.},
	month = aug,
	year = {2011},
	pages = {1630--1648},
	file = {2011_Werner.pdf:/Users/pirchiner/Library/Application Support/Zotero/Profiles/3ysk42on.default/zotero/storage/CNRNQ63H/2011_Werner.pdf:application/pdf}
}

@article{spada_quantifying_2011,
	title = {Quantifying a Potential Bias in Probabilistic Seismic Hazard Assessment: Seismotectonic Zonation with Fractal Properties},
	volume = {101},
	issn = {0037-1106},
	shorttitle = {Quantifying a Potential Bias in Probabilistic Seismic Hazard Assessment},
	url = {http://www.bssaonline.org/cgi/doi/10.1785/0120110006},
	doi = {10.1785/0120110006},
	language = {en},
	number = {6},
	urldate = {2014-04-15},
	journal = {Bulletin of the Seismological Society of America},
	author = {Spada, M. and Wiemer, S. and Kissling, E.},
	month = dec,
	year = {2011},
	pages = {2694--2711},
	file = {2011_wiemer_bias.pdf:/Users/pirchiner/Library/Application Support/Zotero/Profiles/3ysk42on.default/zotero/storage/VTUCDNU2/2011_wiemer_bias.pdf:application/pdf}
}

@article{bozzoni_probabilistic_2011,
	title = {Probabilistic Seismic Hazard Assessment at the Eastern Caribbean Islands},
	volume = {101},
	issn = {0037-1106},
	url = {http://www.bssaonline.org/cgi/doi/10.1785/0120100208},
	doi = {10.1785/0120100208},
	language = {en},
	number = {5},
	urldate = {2014-04-15},
	journal = {Bulletin of the Seismological Society of America},
	author = {Bozzoni, F. and Corigliano, M. and Lai, C. G. and Salazar, W. and Scandella, L. and Zuccolo, E. and Latchman, J. and Lynch, L. and Robertson, R.},
	month = oct,
	year = {2011},
	pages = {2499--2521},
	file = {2011_zonefree.pdf:/Users/pirchiner/Library/Application Support/Zotero/Profiles/3ysk42on.default/zotero/storage/U6UISKMT/2011_zonefree.pdf:application/pdf}
}

@article{kolathayar_comprehensive_2012,
	title = {Comprehensive Probabilistic Seismic Hazard Analysis of the Andaman-Nicobar Regions},
	volume = {102},
	issn = {0037-1106},
	url = {http://www.bssaonline.org/cgi/doi/10.1785/0120110219},
	doi = {10.1785/0120110219},
	language = {en},
	number = {5},
	urldate = {2014-04-15},
	journal = {Bulletin of the Seismological Society of America},
	author = {Kolathayar, S. and Sitharam, T. G.},
	month = oct,
	year = {2012},
	pages = {2063--2076},
	file = {2012_comprehensive_psha.pdf:/Users/pirchiner/Library/Application Support/Zotero/Profiles/3ysk42on.default/zotero/storage/MZPI38QI/2012_comprehensive_psha.pdf:application/pdf}
}

@article{helmstetter_adaptive_2012-1,
	title = {Adaptive Spatiotemporal Smoothing of Seismicity for Long-Term Earthquake Forecasts in California},
	volume = {102},
	issn = {0037-1106},
	url = {http://www.bssaonline.org/cgi/doi/10.1785/0120120062},
	doi = {10.1785/0120120062},
	language = {en},
	number = {6},
	urldate = {2014-04-15},
	journal = {Bulletin of the Seismological Society of America},
	author = {Helmstetter, A. and Werner, M. J.},
	month = dec,
	year = {2012},
	pages = {2518--2529},
	file = {2012_helmstetter_werner_akde_LT_california.pdf:/Users/pirchiner/Library/Application Support/Zotero/Profiles/3ysk42on.default/zotero/storage/EQ7C9G5P/2012_helmstetter_werner_akde_LT_california.pdf:application/pdf}
}

@article{kagan_random_2011,
	title = {Random stress and Omori's law: Random stress and Omori's law},
	volume = {186},
	issn = {{0956540X}},
	shorttitle = {Random stress and Omori's law},
	url = {http://gji.oxfordjournals.org/cgi/doi/10.1111/j.1365-246X.2011.05114.x},
	doi = {10.1111/j.1365-246X.2011.05114.x},
	language = {en},
	number = {3},
	urldate = {2014-04-15},
	journal = {Geophysical Journal International},
	author = {Kagan, Yan Y.},
	month = sep,
	year = {2011},
	pages = {1347--1364},
	file = {2012_kagan_jackson_adke_earth_poster.pdf:/Users/pirchiner/Library/Application Support/Zotero/Profiles/3ysk42on.default/zotero/storage/WHIXHD3V/2012_kagan_jackson_adke_earth_poster.pdf:application/pdf}
}

@article{kagan_whole_2012,
	title = {Whole Earth high-resolution earthquake forecasts},
	volume = {190},
	url = {http://onlinelibrary.wiley.com/doi/10.1111/j.1365-246X.2012.05521.x/full},
	number = {1},
	urldate = {2014-04-15},
	journal = {Geophysical Journal International},
	author = {Kagan, Yan Y. and Jackson, David D.},
	year = {2012},
	pages = {677–686},
	file = {2012_kagan_jackson_akde_earth.pdf:/Users/pirchiner/Library/Application Support/Zotero/Profiles/3ysk42on.default/zotero/storage/MM6REZFV/2012_kagan_jackson_akde_earth.pdf:application/pdf}
}

@article{kijko_extension_2012,
	title = {Extension of the Aki-Utsu b-Value Estimator for Incomplete Catalogs},
	volume = {102},
	issn = {0037-1106},
	url = {http://www.bssaonline.org/cgi/doi/10.1785/0120110226},
	doi = {10.1785/0120110226},
	language = {en},
	number = {3},
	urldate = {2014-04-15},
	journal = {Bulletin of the Seismological Society of America},
	author = {Kijko, A. and Smit, A.},
	month = jun,
	year = {2012},
	pages = {1283--1287},
	file = {2012_kijko_bvalue_incomplete.pdf:/Users/pirchiner/Library/Application Support/Zotero/Profiles/3ysk42on.default/zotero/storage/U7I68F38/2012_kijko_bvalue_incomplete.pdf:application/pdf}
}

@article{marzocchi_bayesian_2012,
	title = {Bayesian Forecast Evaluation and Ensemble Earthquake Forecasting},
	volume = {102},
	issn = {0037-1106},
	url = {http://www.bssaonline.org/cgi/doi/10.1785/0120110327},
	doi = {10.1785/0120110327},
	language = {en},
	number = {6},
	urldate = {2014-04-15},
	journal = {Bulletin of the Seismological Society of America},
	author = {Marzocchi, W. and Zechar, J. D. and Jordan, T. H.},
	month = dec,
	year = {2012},
	pages = {2574--2584},
	file = {2012_marzocchi_bayes.pdf:/Users/pirchiner/Library/Application Support/Zotero/Profiles/3ysk42on.default/zotero/storage/7D4V22DQ/2012_marzocchi_bayes.pdf:application/pdf}
}

@article{bommer_quality_2013,
	title = {Quality Assurance for Logic-Tree Implementation in Probabilistic Seismic-Hazard Analysis for Nuclear Applications: A Practical Example},
	volume = {84},
	issn = {0895-0695, 1938-2057},
	shorttitle = {Quality Assurance for Logic-Tree Implementation in Probabilistic Seismic-Hazard Analysis for Nuclear Applications},
	url = {http://srl.geoscienceworld.org/cgi/doi/10.1785/0220130088},
	doi = {10.1785/0220130088},
	language = {en},
	number = {6},
	urldate = {2014-04-15},
	journal = {Seismological Research Letters},
	author = {Bommer, J. J. and Strasser, F. O. and Pagani, M. and Monelli, D.},
	month = nov,
	year = {2013},
	pages = {938--945},
	file = {2013_bommer_quality_logicTree.pdf:/Users/pirchiner/Library/Application Support/Zotero/Profiles/3ysk42on.default/zotero/storage/SBR2U462/2013_bommer_quality_logicTree.pdf:application/pdf}
}

@article{hiemer_stochastic_2013,
	title = {A Stochastic Forecast of California Earthquakes Based on Fault Slip and Smoothed Seismicity},
	volume = {103},
	issn = {0037-1106},
	url = {http://www.bssaonline.org/cgi/doi/10.1785/0120120168},
	doi = {10.1785/0120120168},
	language = {en},
	number = {{2A}},
	urldate = {2014-04-15},
	journal = {Bulletin of the Seismological Society of America},
	author = {Hiemer, S. and Jackson, D. D. and Wang, Q. and Kagan, Y. Y. and Woessner, J. and Zechar, J. D. and Wiemer, S.},
	month = apr,
	year = {2013},
	pages = {799--810},
	file = {2013_hiemer_et_al_smooth_combined_forecast.pdf:/Users/pirchiner/Library/Application Support/Zotero/Profiles/3ysk42on.default/zotero/storage/X5ZX866A/2013_hiemer_et_al_smooth_combined_forecast.pdf:application/pdf}
}

@article{kagan_statistical_2013,
	title = {Statistical earthquake focal mechanism forecasts},
	url = {http://arxiv.org/abs/1310.2977},
	urldate = {2014-04-15},
	journal = {{arXiv} preprint {arXiv:1310.2977}},
	author = {Kagan, Yan Y. and Jackson, David D.},
	year = {2013},
	file = {2013_kagan_focal_mechanism_forecast.pdf:/Users/pirchiner/Library/Application Support/Zotero/Profiles/3ysk42on.default/zotero/storage/UDZUEGG6/2013_kagan_focal_mechanism_forecast.pdf:application/pdf}
}

@article{kagan_statistical_2013-1,
	title = {Statistical earthquake focal mechanism forecasts},
	url = {http://arxiv.org/abs/1310.2977},
	urldate = {2014-04-15},
	journal = {{arXiv} preprint {arXiv:1310.2977}},
	author = {Kagan, Yan Y. and Jackson, David D.},
	year = {2013},
	file = {2013_kagan_stats_focal.pdf:/Users/pirchiner/Library/Application Support/Zotero/Profiles/3ysk42on.default/zotero/storage/KRRU9B9J/2013_kagan_stats_focal.pdf:application/pdf}
}

@article{vorobieva_multiscale_2013,
	title = {Multiscale Mapping of Completeness Magnitude of Earthquake Catalogs},
	volume = {103},
	issn = {0037-1106},
	url = {http://www.bssaonline.org/cgi/doi/10.1785/0120120132},
	doi = {10.1785/0120120132},
	language = {en},
	number = {4},
	urldate = {2014-04-15},
	journal = {Bulletin of the Seismological Society of America},
	author = {Vorobieva, I. and Narteau, C. and Shebalin, P. and Beauducel, F. and Nercessian, A. and Clouard, V. and Bouin, M.- P.},
	month = aug,
	year = {2013},
	pages = {2188--2202},
	file = {2013_multiscale_method.pdf:/Users/pirchiner/Library/Application Support/Zotero/Profiles/3ysk42on.default/zotero/storage/5KKU2A6V/2013_multiscale_method.pdf:application/pdf}
}

@article{kuyuk_optimal_2013,
	title = {Optimal Seismic Network Density for Earthquake Early Warning: A Case Study from California},
	volume = {84},
	issn = {0895-0695, 1938-2057},
	shorttitle = {Optimal Seismic Network Density for Earthquake Early Warning},
	url = {http://srl.geoscienceworld.org/cgi/doi/10.1785/0220130043},
	doi = {10.1785/0220130043},
	language = {en},
	number = {6},
	urldate = {2014-04-15},
	journal = {Seismological Research Letters},
	author = {Kuyuk, H. S. and Allen, R. M.},
	month = nov,
	year = {2013},
	pages = {946--954},
	file = {2013_network_density.pdf:/Users/pirchiner/Library/Application Support/Zotero/Profiles/3ysk42on.default/zotero/storage/C5TAF3U3/2013_network_density.pdf:application/pdf}
}

@article{rhoades_mixture_2013,
	title = {Mixture Models for Improved Earthquake Forecasting with Short-to-Medium Time Horizons},
	volume = {103},
	issn = {0037-1106},
	url = {http://www.bssaonline.org/cgi/doi/10.1785/0120120233},
	doi = {10.1785/0120120233},
	language = {en},
	number = {4},
	urldate = {2014-04-15},
	journal = {Bulletin of the Seismological Society of America},
	author = {Rhoades, D. A.},
	month = aug,
	year = {2013},
	pages = {2203--2215},
	file = {2013_rhoades_mixture_forecast.pdf:/Users/pirchiner/Library/Application Support/Zotero/Profiles/3ysk42on.default/zotero/storage/8BE67P2F/2013_rhoades_mixture_forecast.pdf:application/pdf}
}

@article{sachs_implications_2012,
	title = {Implications of the Regional Earthquake Likelihood Models test of earthquake forecasts in California},
	volume = {2},
	issn = {2038-9663, 2038-9655},
	url = {http://www.pagepress.org/journals/index.php/rg/article/view/3959},
	doi = {10.4081/rg.2012.e10},
	number = {2},
	urldate = {2014-04-15},
	journal = {Research in Geophysics},
	author = {Sachs, Michael Karl and Lee, Ya-Ting and Turcotte, Donald and Holliday, James R. and Rundle, John B.},
	month = sep,
	year = {2012},
	file = {3959-29081-3-PB.pdf:/Users/pirchiner/Library/Application Support/Zotero/Profiles/3ysk42on.default/zotero/storage/C246SRRG/3959-29081-3-PB.pdf:application/pdf}
}

@article{zechar_regional_2013,
	title = {Regional Earthquake Likelihood Models I: First-Order Results},
	volume = {103},
	issn = {0037-1106},
	shorttitle = {Regional Earthquake Likelihood Models I},
	url = {http://www.bssaonline.org/cgi/doi/10.1785/0120120186},
	doi = {10.1785/0120120186},
	language = {en},
	number = {{2A}},
	urldate = {2014-04-15},
	journal = {Bulletin of the Seismological Society of America},
	author = {Zechar, J. D. and Schorlemmer, D. and Werner, M. J. and Gerstenberger, M. C. and Rhoades, D. A. and Jordan, T. H.},
	month = apr,
	year = {2013},
	pages = {787--798},
	file = {787.full.pdf:/Users/pirchiner/Library/Application Support/Zotero/Profiles/3ysk42on.default/zotero/storage/Q5G773VX/787.full.pdf:application/pdf}
}

@article{helmstetter_comparison_2006,
	title = {Comparison of Short-Term and Time-Independent Earthquake Forecast Models for Southern California},
	volume = {96},
	issn = {0037-1106},
	url = {http://bssa.geoscienceworld.org/cgi/doi/10.1785/0120050067},
	doi = {10.1785/0120050067},
	language = {en},
	number = {1},
	urldate = {2014-04-15},
	journal = {Bulletin of the Seismological Society of America},
	author = {Helmstetter, A.},
	month = feb,
	year = {2006},
	pages = {90--106},
	file = {90.full.pdf:/Users/pirchiner/Library/Application Support/Zotero/Profiles/3ysk42on.default/zotero/storage/SDMZ6F6U/90.full.pdf:application/pdf}
}

@article{chiodi_forward_2011,
	title = {Forward likelihood-based predictive approach for space-time point processes},
	volume = {22},
	issn = {11804009},
	url = {http://doi.wiley.com/10.1002/env.1121},
	doi = {10.1002/env.1121},
	language = {en},
	number = {6},
	urldate = {2014-04-15},
	journal = {Environmetrics},
	author = {Chiodi, Marcello and Adelfio, Giada},
	month = sep,
	year = {2011},
	pages = {749--757},
	file = {environmetrics_flp2011.pdf:/Users/pirchiner/Library/Application Support/Zotero/Profiles/3ysk42on.default/zotero/storage/QIKVZTTU/environmetrics_flp2011.pdf:application/pdf}
}

@article{kagan_probabilistic_2000-1,
	title = {Probabilistic forecasting of earthquakes},
	volume = {143},
	url = {http://gji.oxfordjournals.org/content/143/2/438.short},
	number = {2},
	urldate = {2014-04-15},
	journal = {Geophysical Journal International},
	author = {Kagan, Yan Y. and Jackson, David D.},
	year = {2000},
	pages = {438–453},
	file = {Geophys. J. Int.-2000-Kagan-438-53.pdf:/Users/pirchiner/Library/Application Support/Zotero/Profiles/3ysk42on.default/zotero/storage/PFZKIDW5/Geophys. J. Int.-2000-Kagan-438-53.pdf:application/pdf}
}

@article{holliday_relm_2007,
	title = {A {RELM} earthquake forecast based on pattern informatics},
	volume = {78},
	url = {http://171.66.125.217/content/78/1/87.short},
	number = {1},
	urldate = {2014-04-15},
	journal = {Seismological Research Letters},
	author = {Holliday, James R. and Chen, Chien-chih and Tiampo, Kristy F. and Rundle, John B. and Turcotte, Donald L. and Donnellan, Andrea},
	year = {2007},
	pages = {87–93},
	file = {Holliday.pdf:/Users/pirchiner/Library/Application Support/Zotero/Profiles/3ysk42on.default/zotero/storage/TNFHUVRU/Holliday.pdf:application/pdf}
}

@article{mignan_completeness_2013,
	title = {Completeness of the Mainland China Earthquake Catalog and Implications for the Setup of the China Earthquake Forecast Testing Center},
	volume = {103},
	issn = {0037-1106},
	url = {http://www.bssaonline.org/cgi/doi/10.1785/0120120052},
	doi = {10.1785/0120120052},
	language = {en},
	number = {{2A}},
	urldate = {2014-04-15},
	journal = {Bulletin of the Seismological Society of America},
	author = {Mignan, A. and Jiang, C. and Zechar, J. D. and Wiemer, S. and Wu, Z. and Huang, Z.},
	month = apr,
	year = {2013},
	pages = {845--859},
	file = {mignan_2013_chinaCatalog.pdf:/Users/pirchiner/Library/Application Support/Zotero/Profiles/3ysk42on.default/zotero/storage/JPWBFMDN/mignan_2013_chinaCatalog.pdf:application/pdf}
}

@article{nasir_assessing_2013,
	title = {{ASSESSING} {THE} {COMPLETENESS} {OF} {HISTORICAL} {AND} {INSTRUMENTAL} {EARTHQUAKE} {DATA} {IN} {AUSTRIA} {AND} {THE} {SURROUNDING} {AREAS.}},
	volume = {106},
	url = {http://search.ebscohost.com/login.aspx?direct=true&profile=ehost&scope=site&authtype=crawler&jrnl=02517493&AN=93481655&h=Lc0dSeTZY932DGjKrr%2BSldVS8ieNSWFXbyG4v0KjdQXn96QA52HF5zQIsxSBv9QpGOcJfLAtouEhb3cOkVsSQQ%3D%3D&crl=c},
	number = {1},
	urldate = {2014-04-15},
	journal = {Austrian Journal of Earth Sciences},
	author = {Nasir, Asma and Lenhardt, Wolfgang and Hintersberger, Esther and Decker, Kurt},
	year = {2013},
	file = {nasir_et_al_ajes_106_1.pdf:/Users/pirchiner/Library/Application Support/Zotero/Profiles/3ysk42on.default/zotero/storage/3F84K7PF/nasir_et_al_ajes_106_1.pdf:application/pdf}
}

@article{werner_earthquake_2011,
	title = {Earthquake forecasting based on data assimilation: sequential Monte Carlo methods for renewal point processes},
	volume = {18},
	issn = {1607-7946},
	shorttitle = {Earthquake forecasting based on data assimilation},
	url = {http://www.nonlin-processes-geophys.net/18/49/2011/},
	doi = {10.5194/npg-18-49-2011},
	language = {en},
	number = {1},
	urldate = {2014-04-15},
	journal = {Nonlinear Processes in Geophysics},
	author = {Werner, M. J. and Ide, K. and Sornette, D.},
	month = feb,
	year = {2011},
	pages = {49--70},
	file = {npg-18-49-2011.pdf:/Users/pirchiner/Library/Application Support/Zotero/Profiles/3ysk42on.default/zotero/storage/JZNKUMII/npg-18-49-2011.pdf:application/pdf}
}

@article{petersen_time-independent_2007,
	title = {Time-independent and time-dependent seismic hazard assessment for the State of California: Uniform California Earthquake Rupture Forecast Model 1.0},
	volume = {78},
	shorttitle = {Time-independent and time-dependent seismic hazard assessment for the State of California},
	url = {http://171.66.125.217/content/78/1/99.short},
	number = {1},
	urldate = {2014-04-15},
	journal = {Seismological Research Letters},
	author = {Petersen, Mark D. and Cao, Tianqing and Campbell, Kenneth W. and Frankel, Arthur D.},
	year = {2007},
	pages = {99–109},
	file = {Petersen.pdf:/Users/pirchiner/Library/Application Support/Zotero/Profiles/3ysk42on.default/zotero/storage/NEU2UUZ6/Petersen.pdf:application/pdf}
}

@article{dodagoudar_seismic_2013,
	title = {Seismic input for chennai using adaptive kernel density estimation technique},
	url = {http://dl.lib.mrt.ac.lk/handle/123/9426},
	urldate = {2014-04-15},
	author = {Dodagoudar, G. R. and Ragunathan, P. and Ramanna, C. K.},
	year = {2013},
	file = {SEC-11-64.pdf:/Users/pirchiner/Library/Application Support/Zotero/Profiles/3ysk42on.default/zotero/storage/ES3ITQTQ/SEC-11-64.pdf:application/pdf}
}

@article{wang_california_2011-1,
	title = {California Earthquake Forecasts Based on Smoothed Seismicity: Model Choices},
	volume = {101},
	issn = {0037-1106},
	shorttitle = {California Earthquake Forecasts Based on Smoothed Seismicity},
	url = {http://www.bssaonline.org/cgi/doi/10.1785/0120100125},
	doi = {10.1785/0120100125},
	language = {en},
	number = {3},
	urldate = {2014-04-15},
	journal = {Bulletin of the Seismological Society of America},
	author = {Wang, Q. and Jackson, D. D. and Kagan, Y. Y.},
	month = jun,
	year = {2011},
	pages = {1422--1430},
	file = {Wang_et_al_2011.pdf:/Users/pirchiner/Library/Application Support/Zotero/Profiles/3ysk42on.default/zotero/storage/PNBGQCI4/Wang_et_al_2011.pdf:application/pdf}
}

@inproceedings{weatherill_hazard_2012,
	title = {The Hazard Component of the {GEM} Modeller’s Toolkit: A Framework for the Preparation and Analysis of Probabilistic Seismic Hazard ({PSHA)} Input Tools},
	shorttitle = {The Hazard Component of the {GEM} Modeller’s Toolkit},
	url = {http://www.iitk.ac.in/nicee/wcee/article/WCEE2012_2316.pdf},
	urldate = {2014-04-15},
	booktitle = {Proceedings of the 15th World Conference on Earthquake Engineering, Lisbon, Portugal, paper},
	author = {Weatherill, G. A. and Pagani, M. and Monelli, D.},
	year = {2012},
	file = {WCEE2012_2316.pdf:/Users/pirchiner/Library/Application Support/Zotero/Profiles/3ysk42on.default/zotero/storage/6XMRRXHN/WCEE2012_2316.pdf:application/pdf}
}

@article{werner_earthquake_2011-1,
	title = {Earthquake forecasting based on data assimilation: sequential Monte Carlo methods for renewal point processes},
	volume = {18},
	issn = {1607-7946},
	shorttitle = {Earthquake forecasting based on data assimilation},
	url = {http://www.nonlin-processes-geophys.net/18/49/2011/},
	doi = {10.5194/npg-18-49-2011},
	language = {en},
	number = {1},
	urldate = {2014-04-15},
	journal = {Nonlinear Processes in Geophysics},
	author = {Werner, M. J. and Ide, K. and Sornette, D.},
	month = feb,
	year = {2011},
	pages = {49--70},
	file = {Werner-et-al-DataAssimilation-NPG-2011.pdf:/Users/pirchiner/Library/Application Support/Zotero/Profiles/3ysk42on.default/zotero/storage/6D7BIKVR/Werner-et-al-DataAssimilation-NPG-2011.pdf:application/pdf}
}

@article{werner_high-resolution_2011-4,
	title = {High-Resolution Long-Term and Short-Term Earthquake Forecasts for California},
	volume = {101},
	issn = {0037-1106},
	url = {http://www.bssaonline.org/cgi/doi/10.1785/0120090340},
	doi = {10.1785/0120090340},
	language = {en},
	number = {4},
	urldate = {2014-04-15},
	journal = {Bulletin of the Seismological Society of America},
	author = {Werner, M. J. and Helmstetter, A. and Jackson, D. D. and Kagan, Y. Y.},
	month = aug,
	year = {2011},
	pages = {1630--1648},
	file = {WernerHelmstetterJacksonKagan-CaliforniaForecasts-BSSA-2011.pdf:/Users/pirchiner/Library/Application Support/Zotero/Profiles/3ysk42on.default/zotero/storage/ZV4JSW7W/WernerHelmstetterJacksonKagan-CaliforniaForecasts-BSSA-2011.pdf:application/pdf}
}












@Book{eco:09,
 author   = {Umberto Eco},
 title    = {Como se Faz uma Tese},
 edition  = {22º},
 publisher= {Perspectiva},
 note     = {Tradução Gilson Cesar Cardoso de Souza},
 year     = {2009},
}

@Book{zobel:04,
 author   = {Justin Zobel},
 title    = {Writing for Computer Science: The art of effective communication},
 publisher= {Springer},
 edition  = {Second},
 year     = {2004},
}

@Book{waz:09,
 author   = {Raul S. Wazlawick},
 title    = {Metodologia de Pesquisa em Ciencia da Computação},
 publisher= {Campus},
 edition  = {Primeira},
 year     = {2009},
}

@Book{Higham:98,
 author   = {Nicholas J. Higham},
 title    = {Handbook of Writing for the Mathematical Sciences},
 edition  = {Second},
 publisher= {SIAM: Society for Industrial and Applied Mathematics},
 month    = Aug,
 year     = {1998},
}

@book{Knuth:96,
 author   = {Donald E. Knuth and Tracy Larrabee and Paul M. Roberts},
 title    = {Mathematical Writing},
 publisher= {The Mathematical Association of America},
 month    = Sep,
 year     = {1996}
}

@InProceedings{alves03:simi,
 author   = {Carlos E. R. Alves and Edson N. Cáceres and Frank Dehne and Siang W. Song},
 title    = {A Parallel Wavefront Algorithm for Efficient Biological Sequence Comparison},
 booktitle= {ICCSA '03: The 2003 International Conference on Computational Science and its Applications},
 year     = {2003},
 pages    = {249-258},
 month    = May,
 publisher= {Springer-Verlag}
}

@Article{MenaChalco08,
 author   = {Jesús P. Mena-Chalco and Helaine Carrer and Yossi Zana and Roberto M. Cesar-Jr.},
 title    = {Identification of protein coding regions using the modified {G}abor-wavelet transform},
 journal  = {{IEEE/ACM} Transactions on Computational Biology and Bioinformatics},
 volume   = {5},
 pages    = {198-207},
 year     = {2008},
}

@Techreport{alvisi99:analysisCIC,
 author   = {Lorenzo Alvisi and Elmootazbellah Elnozahy and Sriram S. Rao and Syed A. Husain and Asanka Del Mel},
 title    = {An Analysis of Comunication-Induced Checkpointing},
 institution= {Department of Computer Science, University of Texas at Austin},
 year     = {1999},
 number   = {TR-99-01},
 address  = {Austin, {USA}}
}

@Misc{gridftp,
 author   = {William Allcock},
 title    = {{GridFTP} protocol specification. {Global Grid Forum} Recommendation ({GFD}.20)},
 year     = {2003}
}

@Book{JW82,
 author   = {Richard A. Johnson and Dean W. Wichern},
 title    = {Applied Multivariate Statistical Analysis},
 publisher= {Prentice-Hall},
 year     = {1983}
}

@Manual{CORBA:spec,
 title    = {{CORBA v3.0 Specification}},
 author   = {{Object Management Group}},
 month    = Jul,
 year     = {2002},
 note     = {{OMG Document 02-06-33}}
}

@PhdThesis{garcia01:PhD,
 author   = {Islene C. Garcia},
 title    = {Visões Progressivas de Computações Distribuídas},
 school   = {Instituto de Computação, Universidade de Campinas, Brasil},
 year     = {2001},
 month    = {Dezembro}
}

@Conference{bronevetsky02,
 author   = {Greg Bronevetsky and Daniel Marques and Keshav Pingali and Paul Stodghill},
 title    = {Automated application-level checkpointing of {MPI} programs},
 booktitle= {PPoPP '03: Proceedings of the 9th ACM SIGPLAN Symposium on Principles and Practice of Parallel Programming},
 year     = {2003},
 pages    = {84-89}
}

@InCollection{bobaoglu93:concepts,
 author   = {Ozalp Babaoglu and Keith Marzullo},
 title    = {Consistent Global States of Distributed Systems: Fundamental Concepts and Mechanisms},
 editor   = {Sape Mullender},
 booktitle= {Distributed Systems},
 edition  = {Second},
 year     = {1993},
 pages    = {55-96}
}

@MastersThesis{schmidt03:MSc,
 author   = {Rodrigo M. Schmidt},
 title    = {Coleta de Lixo para Protocolos de \emph{Checkpointing}},
 school   = {Instituto de Computação, Universidade de Campinas, Brasil},
 year     = {2003},
 month    = Oct
}

@Misc{fowler04:designDead,
 author   = {Martin Fowler},
 title    = {Is Design Dead?},
 year     = {2004},
 month    = May,
 note     = {Último acesso em 30/1/2010},
 howpublished= {\url{http://martinfowler.com/articles/designDead.html}},
}

@Misc{FSF:GNU-GPL,
 author   = {Free Software Foundation},
 title    = {{GNU} general public license},
 note     = {Último acesso em 30/1/2010},
 howpublished= {\url{http://www.gnu.org/copyleft/gpl.html}},
}

@article{alon09:how,
 author   = {Uri Alon},
 title    = {{How To Choose a Good Scientific Problem}},
 journal  = {Molecular Cell},
 year     = {2009},
 volume   = {35},
 number   = {6},
 pages    = {726--728},
 publisher= {Cell Press},
 month    = sep,
 doi      = {10.1016/j.molcel.2009.09.013},
}

@book{tufte01:visualDisplay,
 author   = {Edward Tufte},
 title    = {The Visual Display of Quantitative Information},
 year     = {2001},
 edition  = {Second},
 publisher= {Graphics Pr},
 month    = may,
}

